<?xml version = "1.0" encoding = "UTF-8"?><record>
  <leader>01830nam#a2200505#c#4500</leader>
  <controlfield tag="005">20210409125413.0</controlfield>
  <controlfield tag="007">cr#|||||||||||</controlfield>
  <controlfield tag="007">tu</controlfield>
  <controlfield tag="008">171012|2016####sz############1||#|#eng#c</controlfield>
  <controlfield tag="003">DE-605</controlfield>
  <controlfield tag="001">990219790780206441</controlfield>
  <datafield tag="016" ind1="7" ind2=" ">
    <subfield code="a">1074622749</subfield>
    <subfield code="2">OCoLC</subfield>
  </datafield>
  <datafield tag="020" ind1=" " ind2=" ">
    <subfield code="a">9783319324173</subfield>
    <subfield code="9">978-3-319-32417-3</subfield>
    <subfield code="0">(uri) http://www.isbnsearch.org/isbn/9783319324173</subfield>
  </datafield>
  <datafield tag="035" ind1=" " ind2=" ">
    <subfield code="a">(DE-605)HT019474284</subfield>
  </datafield>
  <datafield tag="040" ind1=" " ind2=" ">
    <subfield code="a">38 M</subfield>
    <subfield code="b">ger</subfield>
    <subfield code="c">NLM</subfield>
    <subfield code="d">38 M</subfield>
    <subfield code="e">rda</subfield>
  </datafield>
  <datafield tag="041" ind1=" " ind2=" ">
    <subfield code="a">eng</subfield>
  </datafield>
  <datafield tag="044" ind1=" " ind2=" ">
    <subfield code="c">XA-CH</subfield>
  </datafield>
  <datafield tag="111" ind1="2" ind2=" ">
    <subfield code="a">International Symposium on Nutritional Aspects of Osteoporosis</subfield>
    <subfield code="n">9.</subfield>
    <subfield code="d">2015</subfield>
    <subfield code="c">Montr&#233;al</subfield>
    <subfield code="0">(DE-588)1122074735</subfield>
    <subfield code="4">aut</subfield>
    <subfield code="0">(uri) https://portal.dnb.de/opac.htm?method=simpleSearch&amp;cqlMode=true&amp;query=idn=1122074735</subfield>
    <subfield code="0">(uri) http://viaf.org/viaf/sourceID/DNB|1122074735</subfield>
    <subfield code="B">GND-1122074735</subfield>
  </datafield>
  <datafield tag="245" ind1="1" ind2="0">
    <subfield code="a">Nutritional influences on bone health</subfield>
    <subfield code="b">9th International Symposium</subfield>
    <subfield code="c">Connie M. Weaver, Robin M. Daly, Heike A. Bischoff-Ferrari editors</subfield>
  </datafield>
  <datafield tag="264" ind1=" " ind2="1">
    <subfield code="a">[Cham]</subfield>
    <subfield code="b">Springer</subfield>
    <subfield code="c">[2016]</subfield>
  </datafield>
  <datafield tag="264" ind1=" " ind2="4">
    <subfield code="c">&#169; 2016</subfield>
  </datafield>
  <datafield tag="300" ind1=" " ind2=" ">
    <subfield code="a">1 Online-Ressource (ix, 335 Seiten)</subfield>
    <subfield code="b">Illustrationen, Diagramme</subfield>
  </datafield>
  <datafield tag="336" ind1=" " ind2=" ">
    <subfield code="b">txt</subfield>
  </datafield>
  <datafield tag="337" ind1=" " ind2=" ">
    <subfield code="b">c</subfield>
  </datafield>
  <datafield tag="338" ind1=" " ind2=" ">
    <subfield code="b">cr</subfield>
  </datafield>
  <datafield tag="347" ind1=" " ind2=" ">
    <subfield code="a">Textdatei</subfield>
    <subfield code="b">PDF</subfield>
  </datafield>
  <datafield tag="650" ind1=" " ind2="7">
    <subfield code="a">Sarcopenia / diet therapy</subfield>
    <subfield code="2">MeSH</subfield>
  </datafield>
  <datafield tag="650" ind1=" " ind2="7">
    <subfield code="a">Sarcopenia / prevention &amp; control</subfield>
    <subfield code="2">MeSH</subfield>
  </datafield>
  <datafield tag="650" ind1=" " ind2="7">
    <subfield code="a">Osteoporosis / diet therapy</subfield>
    <subfield code="2">MeSH</subfield>
  </datafield>
  <datafield tag="650" ind1=" " ind2="7">
    <subfield code="a">Osteoporosis / prevention &amp; control</subfield>
    <subfield code="2">MeSH</subfield>
  </datafield>
  <datafield tag="650" ind1=" " ind2="7">
    <subfield code="a">Bone Development / physiology</subfield>
    <subfield code="2">MeSH</subfield>
  </datafield>
  <datafield tag="650" ind1=" " ind2="7">
    <subfield code="a">Dietary Supplements</subfield>
    <subfield code="2">MeSH</subfield>
  </datafield>
  <datafield tag="655" ind1=" " ind2="7">
    <subfield code="a">Konferenzschrift</subfield>
    <subfield code="0">(DE-588)1071861417</subfield>
    <subfield code="2">gnd-content</subfield>
  </datafield>
  <datafield tag="655" ind1=" " ind2="7">
    <subfield code="a">Congresses / https://id.nlm.nih.gov/mesh/D016423</subfield>
    <subfield code="2">MeSH</subfield>
  </datafield>
  <datafield tag="700" ind1="1" ind2=" ">
    <subfield code="a">Weaver, Connie</subfield>
    <subfield code="d">1950-</subfield>
    <subfield code="0">(DE-588)17244408X</subfield>
    <subfield code="4">edt</subfield>
    <subfield code="0">(uri) https://portal.dnb.de/opac.htm?method=simpleSearch&amp;cqlMode=true&amp;query=idn=17244408X</subfield>
    <subfield code="0">(uri) http://viaf.org/viaf/sourceID/DNB|17244408X</subfield>
    <subfield code="B">GND-17244408X</subfield>
  </datafield>
  <datafield tag="700" ind1="1" ind2=" ">
    <subfield code="a">Daly, Robin M.</subfield>
    <subfield code="4">edt</subfield>
  </datafield>
  <datafield tag="700" ind1="1" ind2=" ">
    <subfield code="a">Bischoff-Ferrari, Heike</subfield>
    <subfield code="0">(DE-588)1089593244</subfield>
    <subfield code="4">edt</subfield>
    <subfield code="0">(uri) https://portal.dnb.de/opac.htm?method=simpleSearch&amp;cqlMode=true&amp;query=idn=1089593244</subfield>
    <subfield code="0">(uri) http://viaf.org/viaf/sourceID/DNB|1089593244</subfield>
    <subfield code="B">GND-1089593244</subfield>
  </datafield>
  <datafield tag="776" ind1="0" ind2="8">
    <subfield code="i">Erscheint auch als</subfield>
    <subfield code="n">Druck-Ausgabe</subfield>
    <subfield code="z">9783319324159</subfield>
    <subfield code="9">978-3-319-32415-9</subfield>
  </datafield>
  <datafield tag="912" ind1=" " ind2=" ">
    <subfield code="a">ZDB-30-PQE</subfield>
  </datafield>
  <datafield tag="962" ind1=" " ind2=" ">
    <subfield code="e">ZDB-30-PQE</subfield>
  </datafield>
  <datafield tag="964" ind1="0" ind2="s">
    <subfield code="F">030</subfield>
    <subfield code="A">a|zur||||||27</subfield>
  </datafield>
  <datafield tag="964" ind1="0" ind2="s">
    <subfield code="F">050</subfield>
    <subfield code="A">a|a|||||||||||</subfield>
  </datafield>
  <datafield tag="964" ind1="0" ind2="s">
    <subfield code="F">051</subfield>
    <subfield code="A">mk||||||</subfield>
  </datafield>
  <datafield tag="035" ind1=" " ind2=" ">
    <subfield code="a">(OCoLC)1074622749</subfield>
    <subfield code="0">(uri) http://www.worldcat.org/oclc/1074622749</subfield>
  </datafield>
  <datafield tag="035" ind1=" " ind2=" ">
    <subfield code="a">(DE-599)HBZHT019474284</subfield>
  </datafield>
  <datafield tag="MBD" ind1=" " ind2=" ">
    <subfield code="M">49HBZ_NETWORK</subfield>
    <subfield code="i">990219790780206441</subfield>
    <subfield code="n">HBZ Network</subfield>
  </datafield>
  <datafield tag="MNG" ind1=" " ind2=" ">
    <subfield code="c">System</subfield>
    <subfield code="f">ILS</subfield>
    <subfield code="i">marc21</subfield>
    <subfield code="k">01</subfield>
    <subfield code="e">false</subfield>
    <subfield code="d">2021-06-09 04:07:47 Europe/Berlin</subfield>
    <subfield code="g">021979078-HBZ01</subfield>
    <subfield code="j">60</subfield>
    <subfield code="a">import</subfield>
    <subfield code="b">2021-04-05 16:51:08 Europe/Berlin</subfield>
  </datafield>
  <datafield tag="GPN" ind1="1" ind2=" ">
    <subfield code="a">Bischoff-Ferrari, H. A.</subfield>
    <subfield code="A">GND</subfield>
    <subfield code="B">GND-1089593244</subfield>
    <subfield code="C">400</subfield>
  </datafield>
  <datafield tag="GPN" ind1="1" ind2=" ">
    <subfield code="a">Bischoff-Ferrari, Heike Annette</subfield>
    <subfield code="A">GND</subfield>
    <subfield code="B">GND-1089593244</subfield>
    <subfield code="C">400</subfield>
  </datafield>
  <datafield tag="GPN" ind1="1" ind2=" ">
    <subfield code="a">Bischoff, Heike A.</subfield>
    <subfield code="A">GND</subfield>
    <subfield code="B">GND-1089593244</subfield>
    <subfield code="C">400</subfield>
  </datafield>
  <datafield tag="GSI" ind1="7" ind2=" ">
    <subfield code="a">1089593244</subfield>
    <subfield code="0">http://d-nb.info/gnd/1089593244</subfield>
    <subfield code="2">gnd</subfield>
    <subfield code="A">GND</subfield>
    <subfield code="B">GND-1089593244</subfield>
    <subfield code="C">024</subfield>
  </datafield>
  <datafield tag="GPN" ind1="1" ind2=" ">
    <subfield code="a">Weaver, Connie M.</subfield>
    <subfield code="d">1950-</subfield>
    <subfield code="A">GND</subfield>
    <subfield code="B">GND-17244408X</subfield>
    <subfield code="C">400</subfield>
  </datafield>
  <datafield tag="GPN" ind1="1" ind2=" ">
    <subfield code="a">Weaver, C. M.</subfield>
    <subfield code="d">1950-</subfield>
    <subfield code="A">GND</subfield>
    <subfield code="B">GND-17244408X</subfield>
    <subfield code="C">400</subfield>
  </datafield>
  <datafield tag="GPN" ind1="1" ind2=" ">
    <subfield code="a">Weaver, Connie Marie</subfield>
    <subfield code="d">1950-</subfield>
    <subfield code="A">GND</subfield>
    <subfield code="B">GND-17244408X</subfield>
    <subfield code="C">400</subfield>
  </datafield>
  <datafield tag="GSI" ind1="7" ind2=" ">
    <subfield code="a">17244408X</subfield>
    <subfield code="0">http://d-nb.info/gnd/17244408X</subfield>
    <subfield code="2">gnd</subfield>
    <subfield code="A">GND</subfield>
    <subfield code="B">GND-17244408X</subfield>
    <subfield code="C">024</subfield>
  </datafield>
  <datafield tag="GKS" ind1="2" ind2=" ">
    <subfield code="a">ISNAO</subfield>
    <subfield code="n">9.</subfield>
    <subfield code="d">2015</subfield>
    <subfield code="c">Montre&#769;al</subfield>
    <subfield code="4">abku</subfield>
    <subfield code="4">http://d-nb.info/standards/elementset/gnd#abbreviatedNameForTheConferenceOrEvent</subfield>
    <subfield code="w">r</subfield>
    <subfield code="i">Abkuerzung</subfield>
    <subfield code="j">Abkuerzung</subfield>
    <subfield code="A">GND</subfield>
    <subfield code="B">GND-1122074735</subfield>
    <subfield code="C">411</subfield>
  </datafield>
  <datafield tag="GSI" ind1="7" ind2=" ">
    <subfield code="a">http://d-nb.info/gnd/1122074735</subfield>
    <subfield code="2">uri</subfield>
    <subfield code="A">GND</subfield>
    <subfield code="B">GND-1122074735</subfield>
    <subfield code="C">024</subfield>
  </datafield>
</record>